@misc{azure_ocr,
author = {Microsoft Azure},
title = {{Cognitive Services - Computer Vision - Recognize Printed Text}},
howpublished = {\url{https://learn.microsoft.com/en-us/rest/api/computervision/3.1/recognize-printed-text/recognize-printed-text}},
year = {(Accessed on 12/23/2022)}
}

@misc{azure_ocr_stream,
author = {Microsoft Azure},
title = {{Cognitive Services - Computer Vision - Recognize Printed Text In Stream}},
howpublished = {\url{https://learn.microsoft.com/en-us/rest/api/computervision/3.1/recognize-printed-text-in-stream/recognize-printed-text-in-stream}},
year = {(Accessed on 12/23/2022)}
}

@misc{aws_rekognition,
author = {Amazon Web Services},
title = {{Rekognition - DetectText}},
howpublished = {\url{https://docs.aws.amazon.com/rekognition/latest/APIReference/API_DetectText.html}},
year = {(Accessed on 01/02/2023)}
}

@misc{gcp_annotate,
author = {Google Cloud Platform},
title = {{Cloud Vision - AnnotateImageRequest}},
howpublished = {\url{https://cloud.google.com/vision/docs/reference/rest/v1/AnnotateImageRequest}},
year = {(Accessed on 12/23/2022)}
}

@misc{gcp_annotate_sdk,
author = {Google Cloud Platform},
title = {{Cloud Vision Python SDK - Image Annotator}},
howpublished = {\url{https://github.com/googleapis/python-vision/blob/ed9548afdca70b95b5f87b825c770c4569441aa6/google/cloud/vision_v1/services/image_annotator/transports/grpc.py}},
year = {(Accessed on 12/23/2022)}
}

@misc{aws_boto_client,
author = {Amazon Web Services},
title = {{botocore Python SDK - ClientCreator}},
howpublished = {\url{https://github.com/boto/botocore/blob/dddd199cd287999a249d9001077a62d5fab93d3a/botocore/client.py#L109}},
year = {(Accessed on 12/23/2022)}
}

@misc{azure_vision_sdk,
author = {Microsoft Azure},
title = {{Cognitive Services Python SDK - Computer Vision Client Operations}},
howpublished = {\url{https://github.com/Azure/azure-sdk-for-python/blob/c45589ebb4e26d5d2fdd9be3961656dacc5aa927/sdk/cognitiveservices/azure-cognitiveservices-vision-computervision/azure/cognitiveservices/vision/computervision/operations/_computer_vision_client_operations.py}},
year = {(Accessed on 12/23/2022)}
}

@misc{azure_blob_storage,
author = {Microsoft Azure},
title = {{Blob Storage}},
howpublished = {\url{https://azure.microsoft.com/en-us/products/storage/blobs/}},
year = {(Accessed on 01/01/2023)}
}

@misc{aws_s3_objects,
author = {Amazon Web Services},
title = {{Simple Storage Service - Objects}},
howpublished = {\url{https://docs.aws.amazon.com/AmazonS3/latest/userguide/UsingObjects.html}},
year = {(Accessed on 01/01/2023)}
}

@misc{aws_s3_security,
author = {Amazon Web Services},
title = {{Simple Storage Service}},
howpublished = {\url{https://docs.aws.amazon.com/AmazonS3/latest/userguide/s3-access-control.html}},
year = {(Accessed on 01/01/2023)}
}

@misc{gcp_storage_security,
author = {Google Cloud Platform},
title = {{Cloud Storage - Overview of Access Control}},
howpublished = {\url{https://cloud.google.com/storage/docs/access-control}},
year = {(Accessed on 01/01/2023)}
}

@misc{azure_storage_security,
author = {Microsoft Azure},
title = {{Blob Storage - Authorize Operations for Data Access}},
howpublished = {\url{https://learn.microsoft.com/en-us/azure/storage/common/authorize-data-access}},
year = {(Accessed on 01/01/2023)}
}

@misc{azure_storage_tiers,
author = {Microsoft Azure},
title = {{Blob Storage - Access Tiers}},
howpublished = {\url{https://learn.microsoft.com/en-us/azure/storage/blobs/access-tiers-overview}},
year = {(Accessed on 01/01/2023)}
}

@misc{aws_s3_classes,
author = {Amazon Web Services},
title = {{Simple Storage Service - Object Storage Classes}},
howpublished = {\url{https://aws.amazon.com/s3/storage-classes/}},
year = {(Accessed on 01/01/2023)}
}

@misc{gcp_storage_classes,
author = {Google Cloud Platform},
title = {{Cloud Storage - Storage classes}},
howpublished = {\url{https://cloud.google.com/storage/docs/storage-classes}},
year = {(Accessed on 01/01/2023)}
}

@misc{gcp_storage_objects,
author = {Google Cloud Platform},
title = {{Cloud Storage - About Objects}},
howpublished = {\url{https://cloud.google.com/storage/docs/objects}},
year = {(Accessed on 01/02/2023)}
}

@misc{aws_s3_folders,
author = {Amazon Web Services},
title = {{Simple Storage Service - Organizing Objects Using Folders}},
howpublished = {\url{https://docs.aws.amazon.com/AmazonS3/latest/userguide/using-folders.html}},
year = {(Accessed on 01/02/2023)}
}

@misc{gcp_storage_buckets,
author = {Google Cloud Platform},
title = {{Cloud Storage - About Buckets}},
howpublished = {\url{https://cloud.google.com/storage/docs/buckets}},
year = {(Accessed on 01/02/2023)}
}

@misc{aws_analytics,
author = {Amazon Web Services},
title = {{Data Lakes and Analytics on AWS}},
howpublished = {\url{https://aws.amazon.com/big-data/datalakes-and-analytics/}},
year = {(Accessed on 01/02/2023)}
}

@misc{azure_filesync,
author = {Microsoft Azure},
title = {{Introduction to Azure Files}},
howpublished = {\url{https://learn.microsoft.com/en-us/training/modules/introduction-to-azure-files/}},
year = {(Accessed on 01/02/2023)}
}

@misc{gcp_transfer,
author = {Google Cloud Platform},
title = {{Cloud Storage - Transfer Service}},
howpublished = {\url{https://cloud.google.com/storage-transfer/docs/overview}},
year = {(Accessed on 01/02/2023)}
}

@misc{azure_translate,
author = {Microsoft Azure},
title = {{Cognitive Services - Translator Translate Method}},
howpublished = {\url{https://learn.microsoft.com/en-us/azure/cognitive-services/translator/reference/v3-0-translate}},
year = {(Accessed on 01/02/2023)}
}

@misc{aws_translate,
author = {Amazon Web Services},
title = {{Translate - TranslateText}},
howpublished = {\url{https://docs.aws.amazon.com/translate/latest/APIReference/API_TranslateText.html}},
year = {(Accessed on 01/02/2023)}
}

@misc{gcp_translate,
author = {Google Cloud Platform},
title = {{Cloud Translation - TranslateText}},
howpublished = {\url{https://cloud.google.com/translate/docs/reference/rest/v3/projects/translateText}},
year = {(Accessed on 01/02/2023)}
}

@misc{gcp_ocr_endpoint,
author = {Google Cloud Platform},
title = {{Cloud Vision - Detect Text in Images}},
howpublished = {\url{https://cloud.google.com/vision/docs/ocr}},
year = {(Accessed on 01/02/2023)}
}

@misc{azure_ocr_endpoints,
author = {Microsoft Azure},
title = {{Cognitive Services APIs}},
howpublished = {\url{https://centraluseuap.dev.cognitive.microsoft.com/docs/services/computer-vision-v3-2/operations/5d986960601faab4bf452005}},
year = {(Accessed on 01/02/2023)}
}

@misc{aws_ocr_endpoints,
author = {Amazon Web Services},
title = {{Rekognition - Endpoints and Quotas}},
howpublished = {\url{https://docs.aws.amazon.com/general/latest/gr/rekognition.html}},
year = {(Accessed on 01/02/2023)}
}

@misc{aws_transcribe,
author = {Amazon Web Services},
title = {{Transcribe - Actions}},
howpublished = {\url{https://docs.aws.amazon.com/transcribe/latest/APIReference/API_Operations.html}},
year = {(Accessed on 01/02/2023)}
}

@misc{azure_speechtotext,
author = {Microsoft Azure},
title = {{Cognitive Services - Speech service - Speech-To-Text REST API for Short Audio}},
howpublished = {\url{https://learn.microsoft.com/en-us/azure/cognitive-services/speech-service/rest-speech-to-text-short}},
year = {(Accessed on 01/02/2023)}
}

@misc{aws_rekognition_s3,
author = {Amazon Web Services},
title = {{Rekognition - S3Object}},
howpublished = {\url{https://docs.aws.amazon.com/rekognition/latest/APIReference/API_S3Object.html}},
year = {(Accessed on 01/02/2023)}
}

@misc{aws_s3_access,
author = {Amazon Web Services},
title = {{Simple Storage Service - Methods for Accessing a Bucket}},
howpublished = {\url{https://docs.aws.amazon.com/AmazonS3/latest/userguide/access-bucket-intro.html}},
year = {(Accessed on 01/03/2023)}
}

@misc{azure_storage_access,
author = {Microsoft Azure},
title = {{Introduction to Blob Storage}},
howpublished = {\url{https://learn.microsoft.com/en-us/azure/storage/blobs/storage-blobs-introduction}},
year = {(Accessed on 01/03/2023)}
}

@misc{gcp_storage_acces,
author = {Google Cloud Platform},
title = {{Cloud Storage - Access Public Data}},
howpublished = {\url{https://cloud.google.com/storage/docs/access-public-data}},
year = {(Accessed on 01/03/2023)}
}

@misc{azure_storage_accounts,
author = {Microsoft Azure},
title = {{Storage Account Overview}},
howpublished = {\url{https://learn.microsoft.com/en-us/azure/storage/common/storage-account-overview}},
year = {(Accessed on 01/03/2023)}
}

@misc{cloudflare_anycast,
author = {Cloudflare},
title = {{What is Anycast?}},
howpublished = {\url{https://www.cloudflare.com/learning/cdn/glossary/anycast-network/}},
year = {(Accessed on 01/03/2023)}
}

@misc{gcp_regions,
author = {Google Cloud Platform},
title = {{Compute Engine - Regions and Zones}},
howpublished = {\url{https://cloud.google.com/compute/docs/regions-zones}},
year = {(Accessed on 01/03/2023)}
}

@misc{aws_regions,
author = {Amazon Web Services},
title = {{Elastic Compute Cloud - Regions and Zones}},
howpublished = {\url{https://docs.aws.amazon.com/AWSEC2/latest/UserGuide/using-regions-availability-zones.html}},
year = {(Accessed on 01/03/2023)}
}

@misc{azure_regions,
author = {Microsoft Azure},
title = {{Choose the Right Azure Region for You}},
howpublished = {\url{https://azure.microsoft.com/en-us/explore/global-infrastructure/geographies/}},
year = {(Accessed on 01/03/2023)}
}

@misc{aws_retention,
author = {Amazon Web Services},
title = {{Simple Storage Service - S3 Object Lock Retention}},
howpublished = {\url{https://docs.aws.amazon.com/AmazonS3/latest/userguide/batch-ops-retention-date.html}},
year = {(Accessed on 01/04/2023)}
}

@misc{aws_restore_version,
author = {Amazon Web Services},
title = {{Simple Storage Service - Restoring Previous Versions}},
howpublished = {\url{https://docs.aws.amazon.com/AmazonS3/latest/userguide/RestoringPreviousVersions.html}},
year = {(Accessed on 01/04/2023)}
}

@misc{aws_restore_backup,
author = {Amazon Web Services},
title = {{Backup - Restoring S3 Data}},
howpublished = {\url{https://docs.aws.amazon.com/aws-backup/latest/devguide/restoring-s3.html}},
year = {(Accessed on 01/04/2023)}
}

@misc{azure_retention,
author = {Microsoft Azure},
title = {{Storage - Retention Policies}},
howpublished = {\url{https://learn.microsoft.com/en-us/azure/storage/blobs/immutable-time-based-retention-policy-overview}},
year = {(Accessed on 01/04/2023)}
}

@misc{azure_restore_container,
author = {Microsoft Azure},
title = {{Storage - Restore Container}},
howpublished = {\url{https://learn.microsoft.com/en-us/rest/api/storageservices/restore-container}},
year = {(Accessed on 01/04/2023)}
}

@misc{azure_restore_blob,
author = {Microsoft Azure},
title = {{Storage - Undelete Blob}},
howpublished = {\url{https://learn.microsoft.com/en-us/rest/api/storageservices/undelete-blob}},
year = {(Accessed on 01/04/2023)}
}

@misc{gcp_retention,
author = {Google Cloud Platform},
title = {{Cloud Storage - Retention Policies}},
howpublished = {\url{https://cloud.google.com/storage/docs/bucket-lock}},
year = {(Accessed on 01/04/2023)}
}

@misc{gcp_restore_version,
author = {Google Cloud Platform},
title = {{Cloud Storage - Object Versioning}},
howpublished = {\url{https://cloud.google.com/storage/docs/object-versioning}},
year = {(Accessed on 01/04/2023)}
}

@misc{aws_s3_copyobject,
author = {Amazon Web Services},
title = {{Simple Storage Service - CopyObject}},
howpublished = {\url{https://docs.aws.amazon.com/AmazonS3/latest/API/API_CopyObject.html}},
year = {(Accessed on 01/04/2023)}
}

@misc{azure_storage_copyblob,
author = {Microsoft Azure},
title = {{Storage - Copy Blob}},
howpublished = {\url{https://learn.microsoft.com/en-us/rest/api/storageservices/copy-blob}},
year = {(Accessed on 01/04/2023)}
}

@misc{azure_storage_copyblobfromurl,
author = {Microsoft Azure},
title = {{Storage - Copy Blob From URL}},
howpublished = {\url{https://learn.microsoft.com/en-us/rest/api/storageservices/copy-blob-from-url}},
year = {(Accessed on 01/04/2023)}
}

@misc{gcp_storage_copy,
author = {Google Cloud Platform},
title = {{Cloud Storage - Copy}},
howpublished = {\url{https://cloud.google.com/storage/docs/json_api/v1/objects/copy}},
year = {(Accessed on 01/04/2023)}
}

@misc{gcp_storage_rewrite,
author = {Google Cloud Platform},
title = {{Cloud Storage - Rewrite}},
howpublished = {\url{https://cloud.google.com/storage/docs/json_api/v1/objects/rewrite}},
year = {(Accessed on 01/04/2023)}
}

@misc{aws_s3_multipart,
author = {Amazon Web Services},
title = {{Simple Storage Service - Uploading and Copying Objects Using Multipart Upload}},
howpublished = {\url{https://docs.aws.amazon.com/AmazonS3/latest/userguide/mpuoverview.html}},
year = {(Accessed on 01/04/2023)}
}

@misc{aws_s3_uploadpart,
author = {Amazon Web Services},
title = {{Simple Storage Service - UploadPart}},
howpublished = {\url{https://docs.aws.amazon.com/AmazonS3/latest/API/API_UploadPart.html}},
year = {(Accessed on 01/04/2023)}
}

@misc{aws_s3_uploadpartcopy,
author = {Amazon Web Services},
title = {{Simple Storage Service - UploadPartCopy}},
howpublished = {\url{https://docs.aws.amazon.com/AmazonS3/latest/API/API_UploadPartCopy.html}},
year = {(Accessed on 01/04/2023)}
}

@misc{azure_storage_putblockfromurl,
author = {Microsoft Azure},
title = {{Storage - Put Block From URL}},
howpublished = {\url{https://learn.microsoft.com/en-us/rest/api/storageservices/put-block-from-url}},
year = {(Accessed on 01/04/2023)}
}

@misc{azure_storage_putpagefromurl,
author = {Microsoft Azure},
title = {{Storage - Put Page From URL}},
howpublished = {\url{https://learn.microsoft.com/en-us/rest/api/storageservices/put-page-from-url}},
year = {(Accessed on 01/04/2023)}
}

@misc{azure_storage_putblocklist,
author = {Microsoft Azure},
title = {{Storage - Put Block List}},
howpublished = {\url{https://learn.microsoft.com/en-us/rest/api/storageservices/put-block-list}},
year = {(Accessed on 01/04/2023)}
}

@misc{azure_storage_blobs,
author = {Microsoft Azure},
title = {{Storage - Understanding Blobs}},
howpublished = {\url{https://learn.microsoft.com/en-us/rest/api/storageservices/understanding-block-blobs--append-blobs--and-page-blobs}},
year = {(Accessed on 01/04/2023)}
}

@misc{gcp_storage_multipartuploads,
author = {Google Cloud Platform},
title = {{Cloud Storage - Multipart Uploads}},
howpublished = {\url{https://cloud.google.com/storage/docs/multipart-uploads}},
year = {(Accessed on 01/04/2023)}
}

@misc{gcp_storage_uploadpart,
author = {Google Cloud Platform},
title = {{Cloud Storage - Upload Part}},
howpublished = {\url{https://cloud.google.com/storage/docs/xml-api/put-object-multipart}},
year = {(Accessed on 01/04/2023)}
}

@misc{gcp_storage_quotas,
author = {Google Cloud Platform},
title = {{Cloud Storage - Quotas \& Limits}},
howpublished = {\url{https://cloud.google.com/storage/quotas#requests}},
year = {(Accessed on 01/04/2023)}
}

@misc{gcp_storage_resumableuploads,
author = {Google Cloud Platform},
title = {{Cloud Storage - Resumable Uploads}},
howpublished = {\url{https://cloud.google.com/storage/docs/resumable-uploads}},
year = {(Accessed on 01/04/2023)}
}

@misc{gcp_storage_performresumableuploads,
author = {Google Cloud Platform},
title = {{Cloud Storage - Perform Resumable Uploads}},
howpublished = {\url{https://cloud.google.com/storage/docs/performing-resumable-uploads}},
year = {(Accessed on 01/04/2023)}
}

@misc{gcp_storage_compose,
author = {Google Cloud Platform},
title = {{Cloud Storage - Compose}},
howpublished = {\url{https://cloud.google.com/storage/docs/json_api/v1/objects/compose}},
year = {(Accessed on 01/04/2023)}
}

@misc{gcp_functions,
author = {Google Cloud Platform},
title = {{Cloud Functions}},
howpublished = {\url{https://cloud.google.com/functions}},
year = {(Accessed on 01/10/2023)}
}

@misc{aws_lambda,
author = {Amazon Web Services},
title = {{Serverless Computing}},
howpublished = {\url{https://aws.amazon.com/lambda/}},
year = {(Accessed on 01/10/2023)}
}

@misc{azure_functions,
author = {Microsoft Azure},
title = {{Serverless Functions in Computing}},
howpublished = {\url{https://azure.microsoft.com/en-us/products/functions/}},
year = {(Accessed on 01/10/2023)}
}

@misc{gcp_function_deployment,
author = {Google Cloud Platform},
title = {{Deploy a Cloud Function}},
howpublished = {\url{https://cloud.google.com/functions/docs/deploy}},
year = {(Accessed on 01/10/2023)}
}

@misc{wb_aws_function,
author = {Cloud Workbench},
title = {{Amazon Web Services Function}},
howpublished = {\url{https://github.com/meitinger/CloudWorkbench/blob/3b4e64839796633f7965501196f6c76607b32205/aws/function/index.mjs}},
year = {(Accessed on 01/10/2023)}
}

@misc{wb_azure_function,
author = {Cloud Workbench},
title = {{Microsoft Azure Function}},
howpublished = {\url{https://github.com/meitinger/CloudWorkbench/blob/3b4e64839796633f7965501196f6c76607b32205/azure/function/v1/index.js}},
year = {(Accessed on 01/10/2023)}
}

@misc{wb_gcp_function,
author = {Cloud Workbench},
title = {{Google Cloud Platform Function}},
howpublished = {\url{https://github.com/meitinger/CloudWorkbench/blob/3b4e64839796633f7965501196f6c76607b32205/gcp/function/index.js}},
year = {(Accessed on 01/10/2023)}
}

@misc{wb,
author = {Cloud Workbench},
title = {{A Tool for Evaluating AWS, Azure and GCP.}},
howpublished = {\url{https://github.com/meitinger/CloudWorkbench}},
year = {(Accessed on 01/10/2023)}
}

@misc{azure_functions_keys,
author = {Microsoft Azure},
title = {{Securing Azure Functions}},
howpublished = {\url{https://learn.microsoft.com/en-us/azure/azure-functions/security-concepts?tabs=v4}},
year = {(Accessed on 01/10/2023)}
}

@misc{wb_invoke,
author = {Cloud Workbench},
title = {{PowerShell Invoke Script}},
howpublished = {\url{https://github.com/meitinger/CloudWorkbench/blob/0294c33753d8de36098d1a32210c73fb1eafbb00/invoke.ps1}},
year = {(Accessed on 01/11/2023)}
}

@misc{wb_aws_prepare,
author = {Cloud Workbench},
title = {{Prepare Script - Amazon Web Services}},
howpublished = {\url{https://github.com/meitinger/CloudWorkbench/blob/3b4e64839796633f7965501196f6c76607b32205/aws/prepare.sh}},
year = {(Accessed on 01/12/2023)}
}

@misc{wb_azure_prepare,
author = {Cloud Workbench},
title = {{Prepare Script - Microsoft Azure}},
howpublished = {\url{https://github.com/meitinger/CloudWorkbench/blob/3b4e64839796633f7965501196f6c76607b32205/azure/prepare.sh}},
year = {(Accessed on 01/12/2023)}
}

@misc{wb_gcp_prepare,
author = {Cloud Workbench},
title = {{Prepare Script - Google Cloud Platform}},
howpublished = {\url{https://github.com/meitinger/CloudWorkbench/blob/3b4e64839796633f7965501196f6c76607b32205/gcp/prepare.sh}},
year = {(Accessed on 01/12/2023)}
}

@misc{wb_aws_regions,
author = {Cloud Workbench},
title = {{Regions - Amazon Web Services}},
howpublished = {\url{https://github.com/meitinger/CloudWorkbench/blob/3b4e64839796633f7965501196f6c76607b32205/aws/regions.txt}},
year = {(Accessed on 01/12/2023)}
}

@misc{wb_azure_regions,
author = {Cloud Workbench},
title = {{Regions - Microsoft Azure}},
howpublished = {\url{https://github.com/meitinger/CloudWorkbench/blob/3b4e64839796633f7965501196f6c76607b32205/azure/regions.txt}},
year = {(Accessed on 01/12/2023)}
}

@misc{azure_resouce_groups,
author = {Microsoft Azure},
title = {{Resources Organization}},
howpublished = {\url{https://learn.microsoft.com/en-us/azure/cloud-adoption-framework/ready/azure-setup-guide/organize-resources}},
year = {(Accessed on 01/12/2023)}
}

@misc{azure_storage_account,
author = {Microsoft Azure},
title = {{Storage Account Overview}},
howpublished = {\url{https://learn.microsoft.com/en-us/azure/storage/common/storage-account-overview}},
year = {(Accessed on 01/13/2023)}
}

@misc{gcp_projects,
author = {Google Cloud Platform},
title = {{Project Resources}},
howpublished = {\url{https://cloud.google.com/resource-manager/docs/cloud-platform-resource-hierarchy#projects}},
year = {(Accessed on 01/13/2023)}
}

@misc{wb_gcp_regions,
author = {Cloud Workbench},
title = {{Regions - Google Cloud Platform}},
howpublished = {\url{https://github.com/meitinger/CloudWorkbench/blob/3b4e64839796633f7965501196f6c76607b32205/gcp/regions.txt}},
year = {(Accessed on 01/13/2023)}
}

@misc{wb_aws_update,
author = {Cloud Workbench},
title = {{Update Script - Amazon Web Services}},
howpublished = {\url{https://github.com/meitinger/CloudWorkbench/blob/0294c33753d8de36098d1a32210c73fb1eafbb00/aws/update.sh}},
year = {(Accessed on 01/15/2023)}
}

@misc{wb_azure_update,
author = {Cloud Workbench},
title = {{Update Script - Microsoft Azure}},
howpublished = {\url{https://github.com/meitinger/CloudWorkbench/blob/0294c33753d8de36098d1a32210c73fb1eafbb00/azure/update.sh}},
year = {(Accessed on 01/15/2023)}
}

@misc{wb_gcp_update,
author = {Cloud Workbench},
title = {{Update Script - Google Cloud Platform}},
howpublished = {\url{https://github.com/meitinger/CloudWorkbench/blob/0294c33753d8de36098d1a32210c73fb1eafbb00/gcp/update.sh}},
year = {(Accessed on 01/15/2023)}
}

@misc{wb_aws_regions_ocr,
author = {Cloud Workbench},
title = {{Rekognition Regions - Amazon Web Services}},
howpublished = {\url{https://github.com/meitinger/CloudWorkbench/blob/0294c33753d8de36098d1a32210c73fb1eafbb00/aws/rekognition-regions.txt}},
year = {(Accessed on 01/16/2023)}
}

@misc{wb_azure_regions_ocr,
author = {Cloud Workbench},
title = {{Cognitive Regions - Microsoft Azure}},
howpublished = {\url{https://github.com/meitinger/CloudWorkbench/blob/0294c33753d8de36098d1a32210c73fb1eafbb00/azure/cognitive-regions.txt}},
year = {(Accessed on 01/16/2023)}
}

@misc{wb_results_file,
author = {Cloud Workbench},
title = {{File Transfer Results}},
howpublished = {\url{https://github.com/meitinger/CloudWorkbench/blob/0294c33753d8de36098d1a32210c73fb1eafbb00/fileresults.csv}},
year = {(Accessed on 01/16/2023)}
}

@misc{wb_results_ocr,
author = {Cloud Workbench},
title = {{OCR Transfer Results}},
howpublished = {\url{https://github.com/meitinger/CloudWorkbench/blob/0294c33753d8de36098d1a32210c73fb1eafbb00/ocrresults.csv}},
year = {(Accessed on 01/16/2023)}
}

@misc{azure_bandwidth_costs,
author = {Microsoft Azure},
title = {{Pricing - Bandwidth}},
howpublished = {\url{https://azure.microsoft.com/en-us/pricing/details/bandwidth/}},
year = {(Accessed on 01/18/2023)}
}

@misc{png,
  title={{PNG (Portable Network Graphics) Specification  Version 1.0}},
  author={Boutell, Thomas},
  year={1997},
  publisher={RFC Editor}
}

@misc{hmac,
  title={{RFC2104: HMAC: Keyed-Hashing for Message Authentication}},
  author={Krawczyk, Hugo and Bellare, Mihir and Canetti, Ran},
  year={1997},
  publisher={RFC Editor}
}

@misc{tcp_congestion,
  title={{TCP Congestion Control}},
  author={Allman, Mark and Paxson, Vern and Blanton, Ethan},
  year={2009},
  publisher={RFC Editor}
}

@misc{jumbograms,
  title={{IPv6 Jumbograms}},
  author={Borman, David and Deering, Steve and Hinden, Robert},
  year={1999},
  publisher={RFC Editor}
}

@article{geolocation2,
  title={{Delay-Distance Correlation Study for IP Geolocation}},
  author={Ding, Shichang and Luo, Xiangyang and Ye, Dengpan and Liu, Fenlin},
  journal={Wuhan University Journal of Natural Sciences},
  volume={22},
  number={2},
  pages={157--164},
  year={2017},
  publisher={Springer}
}

@inproceedings{geolocation1,
  title={{An IP Geolocation Algorithm Using Bandwidth Measurement and Distance Estimation}},
  author={Jia, Minzheng and Zhu, Yuanzhong and Yang, Hongyu},
  booktitle={Proceedings of the 2015 International Conference on Electrical and Information Technologies for Rail Transportation},
  pages={519--527},
  year={2016},
  organization={Springer}
}

@inproceedings{twin_sibling_faas,
  title={{SimLess: Simulate Serverless Workflows and Their Twins and Siblings in Federated FaaS}},
  author={Ristov, Sashko and Hautz, Mika and Hollaus, Christian and Prodan, Radu},
  booktitle={Proceedings of the 13th Symposium on Cloud Computing},
  pages={323--339},
  year={2022}
}

@inproceedings{network_aware_vm_migration,
  title={{A Network-Aware Virtual Machine Placement and Migration Approach in Cloud Computing}},
  author={Piao, Jing Tai and Yan, Jun},
  booktitle={2010 Ninth International Conference on Grid and Cloud Computing},
  pages={87--92},
  year={2010},
  organization={IEEE}
}

@misc{data_transfer_scheduling,
  title={{A Vision for Cloud-Hosted Data Transfer Scheduling and Optimization as a Service}},
  author={Imran, Asif and Nine, Zulkar and Guner, Kemal and Kosar, Tevfik},
  year={2019}
}

@inproceedings{content_based_scheduling_vm,
  title={{Content-Based Scheduling of Virtual Machines (VMs) in the Cloud}},
  author={Bazarbayev, Sobir and Hiltunen, Matti and Joshi, Kaustubh and Sanders, William H and Schlichting, Richard},
  booktitle={2013 IEEE 33rd International Conference on Distributed Computing Systems},
  pages={93--101},
  year={2013},
  organization={IEEE}
}

@article{serverless_computing_and_scheduling,
  title={{Serverless Computing and Scheduling Tasks on Cloud: A Review}},
  author={Alqaryouti, Omar and Siyam, Nur and others},
  journal={American Academic Scientific Research Journal for Engineering, Technology, and Sciences},
  volume={40},
  number={1},
  pages={235--247},
  year={2018}
}

@inproceedings{multi_cloud_serverless,
  title={{On Merits and Viability of Multi-Cloud Serverless}},
  author={Baarzi, Ataollah Fatahi and Kesidis, George and Joe-Wong, Carlee and Shahrad, Mohammad},
  booktitle={Proceedings of the ACM Symposium on Cloud Computing},
  pages={600--608},
  year={2021}
}

@inproceedings{faas_introduction,
  title={{Peeking Behind the Curtains of Serverless Platforms}},
  author={Wang, Liang and Li, Mengyuan and Zhang, Yinqian and Ristenpart, Thomas and Swift, Michael},
  booktitle={2018 USENIX Annual Technical Conference (USENIX ATC 18)},
  pages={133--146},
  year={2018}
}

@article{public_cloud_comparison,
  title={{A Comparative Analysis of Public Cloud Platforms and Introduction of Multi-Cloud}},
  author={Khot, Aditi Rajan},
  journal={International Journal of Innovative Science and Research Technology},
  volume={5},
  pages={448--454},
  year={2020}
}

@inproceedings{multi_cloud_expectations,
  title={{Multi-cloud: Expectations and Current Approaches}},
  author={Petcu, Dana},
  booktitle={Proceedings of the 2013 International Workshop on Multi-Cloud Applications and Federated Clouds},
  pages={1--6},
  year={2013}
}

@inproceedings{recomputable_comarison_multi_cloud_platforms,
  title={{Systematic and Recomputable Comparison of Multi-Cloud Management Platforms}},
  author={Serhiienko, Oleksii and Spillner, Josef},
  booktitle={2018 IEEE International Conference on Cloud Computing Technology and Science (CloudCom)},
  pages={107--114},
  year={2018},
  organization={IEEE}
}

@article{follow_data_not_function,
  title={{Following the Data, Not the Function: Rethinking Function Orchestration in Serverless Computing}},
  author={Yu, Minchen and Cao, Tingjia and Wang, Wei and Chen, Ruichuan},
  journal={arXiv preprint arXiv:2109.13492},
  year={2021}
}
